@misc{Duda2001PatternEdition,
    title = {{Pattern Classification 2nd Edition}},
    year = {2001},
    booktitle = {New York: John Wiley, Section},
    author = {Duda, Richard O. and Hart, Peter E. and Stork, David G.},
    isbn = {978-3-540-36020-9},
    doi = {10.1007/11788713},
    issn = {03029743},
    pmid = {2630878},
    arxivId = {0-387-31073-8},
    keywords = {classification}
}

@misc{Ripley1996PatternRipley,
    title = {{Pattern Recognition and Neural Networks by B.D. Ripley}},
    year = {1996},
    author = {Ripley, Brian},
    url = {http://www.stats.ox.ac.uk/pub/PRNN/}
}

@article{Dutt2012PatternOverview,
    title = {{Pattern Recognition: an Overview}},
    year = {2012},
    journal = {American Journal of Intelligent Systems},
    author = {Dutt, Vinita and Chaudhry, Vikas and Khan, Imran},
    doi = {10.5923/j.ajis.20120201.04},
    issn = {2165-8978}
}

@article{orchard1991color,
  title={Color quantization of images},
  author={Orchard, Michael T and Bouman, Charles A},
  journal={IEEE transactions on signal processing},
  volume={39},
  number={12},
  pages={2677--2690},
  year={1991},
  publisher={IEEE}
}

@inproceedings{kovacs1999diagnosising,
  title={Diagnosising faults by supervised and unsupervised learning},
  author={Kov{\'a}cs, L and Tersty{\'a}nszky, GZ},
  booktitle={1999 European Control Conference (ECC)},
  pages={4238--4242},
  year={1999},
  organization={IEEE}
}

@inproceedings{nijhawan2017land,
  title={Land cover classification using super-vised and unsupervised learning techniques},
  author={Nijhawan, Rahul and Srivastava, Ishita and Shukla, Pushkar},
  booktitle={2017 International Conference on Computational Intelligence in Data Science (ICCIDS)},
  pages={1--6},
  year={2017},
  organization={IEEE}
}

@inproceedings{parveen2012unsupervised,
  title={Unsupervised incremental sequence learning for insider threat detection},
  author={Parveen, Pallabi and Thuraisingham, Bhavani},
  booktitle={2012 IEEE International Conference on Intelligence and Security Informatics},
  pages={141--143},
  year={2012},
  organization={IEEE}
}

@inproceedings{tsai2010performance,
  title={Performance Evaluation of the Judicial System in Taiwan Using Data Envelopment Analysis and Decision Trees},
  author={Tsai, Chih-Fong and Tsai, Jung-Hsiang},
  booktitle={2010 Second International Conference on Computer Engineering and Applications},
  volume={2},
  pages={290--294},
  year={2010},
  organization={IEEE}
}

@inproceedings{geetha2014data,
  title={Data mining for meteorological applications: Decision trees for modeling rainfall prediction},
  author={Geetha, A and Nasira, GM},
  booktitle={2014 IEEE International Conference on Computational Intelligence and Computing Research},
  pages={1--4},
  year={2014},
  organization={IEEE}
}

@inproceedings{kobayashi1993dynamic,
  title={Dynamic recognition of basic facial expressions by discrete-time recurrent neural network},
  author={Kobayashi, Hiroshi and Hara, Fumio},
  booktitle={Proceedings of 1993 International Conference on Neural Networks (IJCNN-93-Nagoya, Japan)},
  volume={1},
  pages={155--158},
  year={1993},
  organization={IEEE}
}

@inproceedings{gupta2015fault,
  title={Fault Diagnosis of RC-coupled Amplifier Using Slope Fault Feature and Comparision with Different Neural Networks},
  author={Gupta, Shashank Kumar and Ayub, Shahanaz and Saini, JP},
  booktitle={2015 Fifth International Conference on Communication Systems and Network Technologies},
  pages={1163--1166},
  year={2015},
  organization={IEEE}
}



